@book{salus.2008,
  title =        {The Daemon, the Gnu, and the Penguin},
  author =       {Salus, P.H. and Reed, J.C. and Hall, J.},
  isbn =         {9780979034237},
  url =          {http://www.groklaw.net/staticpages/index.php?page=20051013231901859},
  howpublished = {\url{http://www.groklaw.net/staticpages/index.php?page=20051013231901859/}},
  year =         {2008},
  publisher =    {Reed Media Services},
}
