% Programming languages.

@Book{		  alexandrescu.10.d,
  author	= {Andrei Alexandrescu},
  title		= {The {D} Programming Language},
  publisher	= {Addison-Wesley Professional},
  year		= 2010,
  isbn		= {978-0321635365}
}

@InProceedings{	  atkinson.78.acm,
  author	= {Russell R. Atkinson and Barbara H. Liskov and Robert W.
		  Scheifler},
  title		= {Aspects of Implementing {CLU}},
  booktitle	= {Proceedings of the 1978 annual conference},
  series	= {ACM '78},
  year		= 1978,
  isbn		= {0-89791-000-1},
  location	= {Washington, D.C., United States},
  pages		= {123--129},
  numpages	= 7,
  doi		= {http://doi.acm.org/10.1145/800127.804079},
  acmid		= 804079,
  publisher	= {ACM},
  address	= {New York, NY, USA},
  keywords	= {CLU, Exception handling, Implementation methods,
		  Iterators, Parameterized modules, Programming language}
}

@InProceedings{	  beazley.96.usenix,
  author	= {David M. Beazley},
  title		= {{SWIG}: an easy to use tool for integrating scripting
		  languages with {C} and {C++}},
  booktitle	= {Proceedings of the 4th conference on USENIX Tcl/Tk
		  Workshop},
  year		= 1996,
  location	= {Monterey, California},
  volume	= 4,
  publisher	= {USENIX Association},
  address	= {Berkeley, CA, USA}
}

@Book{		  budd.95.leda,
  author	= {Timothy Budd},
  title		= {Multiparadigm programming in {Leda}},
  publisher	= {Addison Wesley},
  year		= 1995,
  address	= {Reading, MA, USA},
  isbn		= {0-201-82080-3}
}

@Book{		  ellis.90.arm,
  author	= {Margaret A. Ellis and Bjarne Stroustrup},
  title		= {The Annotated {C++} Reference Manual},
  year		= 1990,
  isbn		= {0-201-51459-1},
  publisher	= {Addison-Wesley Longman Publishing Co., Inc.},
  address	= {Boston, MA, USA}
}

@Book{		  gosling.05.book,
  title		= {The {Java}\texttrademark Language Specification},
  author	= {James Gosling and Bill Joy and Guy Steele and Gilad
		  Bracha},
  publisher	= {Addison-Wesley},
  edition	= {Third},
  isbn		= {0321246780},
  year		= 2005
}

@Misc{		  iso.03.c++,
  author	= {ISO/IEC},
  title		= {{ISO/IEC} 14882:2003 (E). {Programming languages} ---
		  {C++}},
  year		= 2003
}

@Misc{		  iso.05.ada,
  author	= {ISO/IEC},
  title		= {{Ada} Reference Manual, {ISO/IEC} 8652:1995(E), with
		  Technical Corrigendum 1 and Amendment 1 -- Language and
		  Standard Libraries},
  year		= 2005
}

@Misc{		  iso.06.eiffel,
  author	= {ISO/IEC},
  title		= {{ISO/IEC} 25436:2006. {Information technology} ---
		  {Eiffel}: Analysis, Design and Programming Language},
  year		= 2006
}

@Misc{		  iso.08.fortran,
  author	= {ISO/IEC},
  title		= {{ISO/IEC} 1539-1:2010 (E). {Programming languages} --
		  {Fortran} -- Part 1: Base language},
  year		= 2010
}

@Misc{		  iso.0x.c++,
  author	= {ISO/IEC},
  title		= {Working Draft, Standard for Programming Language {C++}},
  year		= 2009,
  month		= mar,
  howpublished	= {\url{http://www.open-std.org/Jtc1/sc22/wg21/docs/papers/2009/n2857.pdf}}
		  
}

@Misc{		  iso.11.c,
  author	= {ISO/IEC},
  title		= {{ISO/IEC} 9899:2011 (E). {Programming languages} --- {C}},
  year		= 2011,
  month		= dec
}

@Misc{		  iso.11.c++,
  author	= {ISO/IEC},
  title		= {{ISO/IEC} 14882:2011 (E). {Programming languages} ---
		  {C++}},
  year		= 2011,
  month		= sep
}

@Misc{		  iso.98.c++,
  oldkeys	= {iso.98.cpp},
  author	= {ISO/IEC},
  title		= {{ISO/IEC} 14882:1998 (E). {Programming languages} ---
		  {C++}},
  year		= 1998
}

@Misc{		  iso.99.c,
  author	= {ISO/IEC},
  title		= {{ISO/IEC} 9899:1999 (E). {Programming languages} --- {C}},
  year		= 1999
}

@Misc{		  lang-bench.www,
  title		= {The Computer Language Benchmarks Game},
  howpublished	= {\url{http://shootout.alioth.debian.org/}}
}

@InProceedings{	  liskov.93.hopl,
  author	= {Barbara Liskov},
  title		= {A history of {CLU}},
  booktitle	= {The second ACM SIGPLAN conference on History of
		  programming languages},
  series	= {HOPL-II},
  year		= 1993,
  isbn		= {0-89791-570-4},
  location	= {Cambridge, Massachusetts, United States},
  pages		= {133--147},
  numpages	= 15,
  doi		= {http://doi.acm.org/10.1145/154766.155367},
  acmid		= 155367,
  publisher	= {ACM},
  address	= {New York, NY, USA}
}

@Book{		  ousterhout.09.book,
  author	= {John K. Ousterhout and Ken Jones},
  title		= {{Tcl} and the {Tk} Toolkit},
  publisher	= {Addison-Wesley},
  year		= 2009,
  series	= {Addison-Wesley Professional Computing Series},
  edition	= {Second},
  isbn		= {978-0321336330}
}

@InProceedings{	  stroustrup.07.hopl,
  oldkeys	= {stroustrup.2007.hopl},
  author	= {Stroustrup, Bjarne},
  title		= {Evolving a language in and for the real world: {C++}
		  1991-2006},
  booktitle	= {HOPL III: Proceedings of the third ACM SIGPLAN conference
		  on History of Programming Languages},
  year		= 2007,
  isbn		= {978-1-59593-766-X},
  pages		= {4-1--4-59},
  location	= {San Diego, California},
  doi		= {http://doi.acm.org/10.1145/1238844.1238848},
  publisher	= {ACM},
  address	= {New York, NY, USA}
}

@Article{	  sutter.01.cuj,
  author	= {Herb Sutter},
  title		= {{Sutter}'s Mill: Virtuality},
  journal	= {{C/C++} Users Journal},
  year		= 2001,
  volume	= 19,
  number	= 9,
  month		= sep,
  annote	= {Available at \url{http://drdobbs.com/184401436} and
		  \url{http://www.gotw.ca/publications/mill18.htm}}
}

@Book{		  van-rossum.03.book,
  author	= {Guido Van Rossum},
  editor	= {Fred L. Jr. Drake},
  title		= {The {Python} Language Reference Manual},
  publisher	= {Network Theory},
  year		= 2003,
  isbn		= {978-0954161781}
}
