% Olena-related publications that do not fit in lrde.bib.

@Misc{		  geraud.06.scoop-pres,
  author	= {{\relax Th}ierry G\'eraud},
  title		= {Advanced Static Object-Oriented Programming Features: A
		  Sequel to {SCOOP}},
  howpublished	= {\url{http://www.lrde.epita.fr/people/theo/pub/olena/olena-06-jan.pdf}}
		  ,
  month		= jan,
  year		= 2006,
  project	= {Olena},
  urllrde	= {200601-TR}
}

@Misc{		  olena.www,
  author	= {{EPITA Research and Developpement Laboratory (LRDE)}},
  oldkeys	= {olena.net},
  title		= {The {Olena} image processing platform},
  key		= {Olena},
  howpublished	= {\url{http://olena.lrde.epita.fr}}
}

%% Local Variables:
%% ispell-local-dictionary: "american"
%% End:
