% Reproducible Research.

@TechReport{	  buckheit.95.tr,
  author	= {Jonathan B. Buckheit and David L. Donoho},
  title		= {{WaveLab} and Reproducible Research},
  institution	= {Stanford University},
  year		= 1995,
  number	= 474,
  address	= {Stanford CA 94305, USA}
}

@Article{	  fomel.09.cse,
  author	= {Sergey Fomel and Jon F. Claerbout},
  title		= {Guest Editors' Introduction: Reproducible Research},
  journal	= {Computing in Science and Engineering},
  volume	= 11,
  number	= 1,
  issn		= {1521-9615},
  year		= 2009,
  pages		= {5--7},
  doi		= {10.1109/MCSE.2009.14},
  publisher	= {IEEE Computer Society},
  address	= {Los Alamitos, CA, USA}
}
