% Signal and Image Processing.

% To be used with
% - acronyms.bib and IEEEfull.bib, or
% - acronyms-abrv.bib and IEEEabrv.bib.

@InProceedings{	  alcoverro.08.3dtv,
  title		= {Region-Based {3D} Artwork Indexing and Classification},
  author	= {Marcel Alcoverro and Sylvie Philipp-Foliguet and Michel
		  Jordan and Laurent Najman and Jean Cousty},
  booktitle	= {3DTV Conference: The True Vision -- Capture, Transmission
		  and Display of 3D Video},
  year		= 2008,
  month		= may,
  pages		= {393--396},
  keywords	= {art, database indexing, image classification, image
		  segmentation, search engines, visual databases3D region
		  descriptor bags, 3D surface segmentation, database
		  classification, region-based 3D artwork database indexing,
		  search engine},
  doi		= {10.1109/3DTV.2008.4547891}
}

@InCollection{	  angulo.10.chapter,
  author	= {Jes\'us Angulo and Jocelyn Chanussot},
  title		= {Color and Multivariate Images},
  booktitle	= {Mathematical Morphology---From Theory to Applications},
  publisher	= {Wiley-ISTE},
  year		= 2010,
  editor	= {Laurent Najman and Hugues Talbot},
  isbn		= {978-1-84821-215-2},
  chapter	= 11,
  month		= jul
}

@InProceedings{	  berti.00.tmpw,
  author	= {Guntram Berti},
  title		= {Generic Components for Grid Data Structures and Algorithms
		  with {\Cxx}},
  booktitle	= {Proceedings of the First {\Cxx} Template Programming
		  Workshop},
  year		= 2000,
  address	= {Erfurt, Germany},
  month		= oct,
  lrdedoc	= {sip/image/complex/berti.00.tmpw.pdf}
}

@Article{	  berti.06.fgcs,
  author	= {Guntram Berti},
  title		= {{GrAL}: the grid algorithms library},
  journal	= {Future Generation Computer Systems},
  volume	= 22,
  number	= 1,
  year		= 2006,
  issn		= {0167-739X},
  pages		= {110--122},
  doi		= {http://dx.doi.org/10.1016/j.future.2003.09.002},
  publisher	= {Elsevier Science Publishers B. V.},
  address	= {Amsterdam, The Netherlands},
  lrdedoc	= {sip/image/complex/berti.06.fgcs.pdf}
}

@InProceedings{	  bertrand.06.iwcia,
  author	= {Gilles Bertrand and Michel Couprie},
  title		= {New 2D parallel thinning algorithms based on critical
		  kernels},
  booktitle	= {Combinatorial Image Analysis, 11th International Workshop
		  (IWCIA), Proceedings},
  pages		= {45--59},
  year		= 2006,
  editor	= {Ralf Reulke and Ulrich Eckardt and Boris Flach and Uwe
		  Knauer and Konrad Polthier},
  volume	= 4040,
  series	= {Lecture Notes in Computer Science},
  publisher	= {Springer},
  isbn		= {978-3-540-35153-5}
}

@InCollection{	  bertrand.07.chapter,
  author	= {Gilles Bertrand and Michel Couprie},
  title		= {Transformations topologiques discr\`etes},
  booktitle	= {G\'eom\'etrie discr\`ete et images num\'eriques},
  pages		= {187--209},
  publisher	= {Hermes Sciences Publications},
  year		= 2007,
  editor	= {David Coeurjolly and Annick Montanvert and Jean-Marc
		  Chassery},
  chapter	= 8,
  lrdedoc	= {sip/image/skeleton/bertrand.07.chapter.pdf}
}

@Article{	  bertrand.07.cras,
  author	= {Gilles Bertrand},
  title		= {On critical kernels},
  journal	= {Comptes Rendus de l'Acad\'emie des Sciences, S\'erie Math.},
  volume	= {I},
  number	= 345,
  pages		= {363--367},
  keywords	= {discrete topology},
  year		= 2007
}

@InCollection{	  bertrand.08.chapter,
  author	= {Gilles Bertrand and Michel Couprie and Jean Cousty and
		  Laurent Najman},
  title		= {Ligne de partage des eaux dans les espaces discrets},
  booktitle	= {Morphologie math\'ematique : approches d\'eterministes},
  publisher	= {Hermes Sciences Publications},
  editor	= {Laurent Najman and Hugues Talbot},
  year		= 2008,
  pages		= {123--149},
  chapter	= 4,
  keywords	= {morphologie math\'ematique, ligne de partage des eaux}
}

@Article{	  bertrand.95.cras,
  author	= {Gilles Bertrand},
  title		= {On {P}-simple points},
  journal	= {Comptes Rendus de l'Acad\'emie des Sciences, S\'erie Math.},
  volume	= {I},
  number	= 321,
  pages		= {1077--1084},
  keywords	= {discrete topology},
  year		= 1995
}

@InProceedings{	  bertrand.99.dgci,
  author	= {Gilles Bertrand and Michel Couprie},
  title		= {A Model for Digital Topology},
  booktitle	= {Proceedings of the 8th International Conference on
		  Discrete Geometry for Computer Imagery (DCGI)},
  year		= 1999,
  isbn		= {3-540-65685-5},
  pages		= {229--241},
  publisher	= {Springer-Verlag},
  address	= {London, UK}
}

@InProceedings{	  beucher.79.iwip,
  author	= {Serge Beucher and Christian Lantu\'ejoul},
  title		= {Use of Watersheds in Contour Detection},
  booktitle	= {International Workshop on Image Processing: Real-time Edge
		  and Motion Detection/Estimation},
  keywords	= {file-import-09-02-23},
  address	= {Rennes, France},
  month		= sep,
  year		= 1979
}

@PhDThesis{	  bosc.03.phd,
  author	= {Marcel Bosc},
  title		= {Contribution \`a la d\'etection de changements dans des
		  s\'equences {IRM} {3D} multimodales},
  school	= {Universit\'e Louis Pasteur},
  year		= 2003,
  address	= {Strasbourg, France},
  month		= dec
}

@Book{		  bradski.08.book,
  author	= {Gary Bradski and Adrian Kaehler},
  title		= {Learning {OpenCV}: Computer Vision with the {OpenCV}
		  Library},
  publisher	= {O'Reilly},
  year		= 2008,
  isbn		= {978-0596516130}
}

@Book{		  burger.08.book,
  author	= {Wilhelm Burger and Mark J. Burg},
  title		= {Digital Image Processing: An Algorithmic Introduction
		  using {Java}},
  publisher	= {Springer},
  year		= 2008,
  isbn		= {978-1-84628-379-6}
}

@Misc{		  cimg.www,
  author	= {David Tschumperl\'e},
  title		= {The {CImg} Library},
  howpublished	= {\url{http://cimg.sourceforge.net/}}
}

@Article{	  cornea.07.tvcg,
  title		= {Curve-Skeleton Properties, Applications, and Algorithms},
  author	= {Nicu D. Cornea and Deborah Silver and Patrick Min},
  journal	= {IEEE Transactions onVisualization and Computer Graphics},
  year		= 2007,
  month		= {May-June},
  volume	= 13,
  number	= 3,
  pages		= {530--548},
  keywords	= {curve fitting, data visualisation, feature extraction,
		  image thinning, solid modelling3D objects, animation,
		  curve-skeleton applications, reduced-model formulation,
		  thinned 1D representations, virtual navigation,
		  visualization improvement},
  doi		= {10.1109/TVCG.2007.1002},
  issn		= {1077-2626},
  lrdedoc	= {sip/image/skeleton/cornea.07.tvcg.pdf}
}

@Article{	  couprie.01.jei,
  author	= {Michel Couprie and Francisco Nivando Bezerra and Gilles
		  Bertrand},
  title		= {Topological operators for grayscale image processing},
  journal	= {Journal of Electronic Imaging},
  year		= {2001},
  volume	= 10,
  number	= 4,
  pages		= {1003--1015}
}

@Article{	  couprie.09.pami,
  oldkeys	= {couprie.08.pami},
  author	= {Michel Couprie and Gilles Bertrand},
  title		= {New Characterizations of Simple Points in {2D}, {3D}, and
		  {4D} Discrete Spaces},
  journal	= {IEEE Transactions on Pattern Analysis and Machine
		  Intelligence},
  volume	= 31,
  number	= 4,
  issn		= {0162-8828},
  year		= 2009,
  month		= apr,
  pages		= {637--648},
  doi		= {http://doi.ieeecomputersociety.org/10.1109/TPAMI.2008.117}
		  ,
  publisher	= {IEEE Computer Society},
  address	= {Los Alamitos, CA, USA},
  lrdedoc	= {sip/image/topo/couprie.08.pami.pdf}
}

@InProceedings{	  cousty.08.dgci,
  author	= {Jean Cousty and Gilles Bertrand and Laurent Najman and
		  Michel Couprie},
  title		= {On Watershed Cuts and Thinnings},
  booktitle	= {Proceedings of the 14th IAPR International Conference on
		  Discrete Geometry for Computer Imagery (DGCI)},
  year		= 2008,
  pages		= {434--445},
  address	= {Lyon, France},
  ee		= {http://dx.doi.org/10.1007/978-3-540-79126-3_39},
  bibsource	= {DBLP, http://dblp.uni-trier.de}
}

@InProceedings{	  cousty.09.ismm,
  author	= {Jean Cousty and Laurent Najman and Jean Serra},
  title		= {Some morphological operators in graph spaces},
  booktitle	= {Proceedings of the Ninth International Symposium on
		  Mathematical Morphology (ISMM)},
  year		= 2009,
  editor	= {Springer-Verlag},
  series	= {Lecture Notes in Computer Science Series},
  address	= {Groningen, The Netherlands},
  month		= aug,
  lrdedoc	= {sip/image/morpho/cousty.09.ismm.pdf}
}

@InProceedings{	  cousty.09.iwcia,
  author	= {Jean Cousty and Gilles Bertrand and Michel Couprie and
		  Laurent Najman},
  title		= {Collapses and Watersheds in Pseudomanifolds},
  booktitle	= {Proceedings of the 13th International Workshop on
		  Combinatorial Image Analysis (IWCIA)},
  year		= 2009,
  isbn		= {978-3-642-10208-0},
  location	= {Playa del Carmen, Mexico},
  pages		= {397--410},
  numpages	= 14,
  publisher	= {Springer-Verlag},
  keywords	= {collapse, segmentation, topology, watershed}
}

@Article{	  cousty.09.pami,
  author	= {Jean Cousty and Gilles Bertrand and Laurent Najman and
		  Michel Couprie},
  title		= {Watershed cuts: minimum spanning forests and the drop of
		  water principle},
  journal	= ieee_j_pami,
  year		= 2009,
  note		= {To appear.}
}

@InProceedings{	  dasilva.04.workcomp-sul,
  author	= {Marcus Lucas da Silva and Marcos C\'esar Cardoso Carrard
		  and Marcos Cordeiro d'Ornellas},
  title		= {MorphoLib: Uma Biblioteca Gen\'erica para o Processamento
		  Morfol\'ogico de Imagens},
  booktitle	= {Anais do I Workshop de Computa\,c\~ao da Regi\~ao Sul
		  (WORKCOMP-SUL)},
  year		= 2004,
  editor	= {Aran B. T. Morales and Maria In\'es Casti\~neira and Vera
		  R. Niedersberg Schuhmacher},
  address	= {Florian\'opolis, SC, Brazil},
  month		= may,
  organization	= {Universidade do Sul de Santa Catarina (UNISUL)},
  note		= {\url{http://inf.unisul.br/~ines/workcomp/cd/index.html}},
  annote	= {In Portuguese},
  lrdedoc	= {sip/image/libraries/MorphoLib/dasilva.04.workcomp-sul.pdf}
		  
}

@Misc{		  dgtal.www,
  title		= {{DGtal} -- Digital Geometry Tools and Algorithms},
  howpublished	= {\url{http://liris.cnrs.fr/dgtal/}}
}

@InProceedings{	  dias.11.dgci,
  author	= {F\'abio Dias and Jean Cousty and Laurent Najman},
  title		= {Some morphological operators on simplicial complex
		  spaces},
  booktitle	= {Proceedings of the 16th IAPR international conference on
		  Discrete Geometry for Computer Imagery (DGCI)},
  year		= 2011,
  isbn		= {978-3-642-19866-3},
  location	= {Nancy, France},
  pages		= {441--452},
  numpages	= 12,
  publisher	= {Springer-Verlag},
  address	= {Berlin, Heidelberg}
}

@Article{	  dobie.91.prl,
  author	= {Mark R. Dobie and Paul H. Lewis},
  title		= {Data Structures for Image Processing in {C}},
  journal	= {Pattern Recognition Letters},
  volume	= 12,
  issue		= 8,
  month		= aug,
  year		= 1991,
  issn		= {0167-8655},
  pages		= {457--466},
  numpages	= 10,
  doi		= {http://dx.doi.org/10.1016/0167-8655(91)80009-Y},
  publisher	= {Elsevier Science Inc.},
  address	= {New York, NY, USA},
  keywords	= {C, Data structures, image processing, object oriented
		  programming}
}

@PhDThesis{	  dornellas.01.phd,
  author	= {Marcos Cordeiro d'Ornellas},
  title		= {Algorithmic Patterns for Morphological Image Processing},
  school	= {Universiteit van Amsterdam},
  year		= {2001}
}

@Article{	  dornellas.03.ijprai,
  author	= {Marcos Cordeiro d'Ornellas and Rein van den Boomgaard},
  title		= {The State of Art and Future Development of Morphological
		  Software Towards Generic Algorithms},
  journal	= {International Journal of Pattern Recognition and
		  Artificial Intelligence},
  volume	= 17,
  number	= 2,
  pages		= {231---255},
  year		= 2003,
  month		= mar,
  rvdbclass	= {Morphology},
  abstract	= {The goal of this paper is to establish the fundamental
		  requirements of any morphological software in such a way as
		  to produce reliable, precise, and generic algorithm
		  representations in order to overcome the combinatorial
		  explosion of the code needed to deal with all possible
		  kinds of data structures and image types. Algorithms should
		  be built with the guarantee that the desired implementation
		  is written once, process data in an abstract way, and is
		  efficient at the same time. Requirements are derived from a
		  review of some of the most used software packages and image
		  libraries with respect to mathematical morphology including
		  Mmach, Mmorph, Micromorph and Visilog. Such a review makes
		  it possible to characterize their advantages and drawbacks.
		  These aspects call for software for mathematical morphology
		  that has to be generic and should support a large variety
		  of data types.}
}

@InProceedings{	  dornellas.04.workcomp-sul,
  author	= {Marcos Cordeiro d'Ornellas and Daniel Welfer and Tha\'is
		  A. B. Frazzon},
  title		= {Algorithmic Patterns for Morphological Image Processing: A
		  Software Engineering Approach},
  booktitle	= {Anais do I Workshop de Computa\,c\~ao da Regi\~ao Sul
		  (WORKCOMP-SUL)},
  year		= 2004,
  editor	= {Aran B. T. Morales and Maria In\'es Casti\~neira and Vera
		  R. Niedersberg Schuhmacher},
  address	= {Florian\'opolis, SC, Brazil},
  month		= may,
  organization	= {Universidade do Sul de Santa Catarina (UNISUL)},
  note		= {\url{http://inf.unisul.br/~ines/workcomp/cd/index.html}},
  lrdedoc	= {sip/image/canvas/dornellas.04.workcomp-sul.pdf}
}

@Book{		  eaton.02.book,
  author	= {John W. Eaton},
  title		= {{GNU} {Octave} Manual},
  publisher	= {Network Theory},
  year		= 2002,
  isbn		= {978-0954161729}
}

@Article{	  edmonds.60.nams,
  author	= {Jack Edmonds},
  title		= {A combinatorial representation for polyhedral surfaces},
  journal	= {Notices of the American Mathematical Society},
  year		= 1960,
  volume	= 7
}

@PhDThesis{	  enficiaud.07.phd,
  author	= {Raffi Enficiaud},
  title		= {Algorithmes multidimensionnels et multispectraux en
		  Morphologie Math\'ematique : approche par
		  m\'eta-programmation},
  school	= {Centre de Morphologie Math\'ematique (CMM), \'Ecole
		  Nationale Sup\'erieure des Mines de Paris (ENSMP)},
  year		= 2007,
  address	= {Paris, France},
  month		= feb,
  lrdedoc	= {sip/image/phd_reports/enficiaud.2007.phd.pdf}
}

@Misc{		  froment.04.megawave,
  author	= {Jacques Froment},
  title		= {{MegaWave2} User's Guide},
  howpublished	= {\url{http://megawave.cmla.ens-cachan.fr/}},
  month		= may,
  year		= 2004
}

@Misc{		  gandalf.www,
  title		= {{Gandalf}},
  howpublished	= {\url{http://gandalf-library.sourceforge.net/}}
}

@Misc{		  gil.www,
  author	= {Adobe},
  title		= {{Generic Image Library (GIL)}},
  howpublished	= {\url{http://opensource.adobe.com/gil}}
}

@Article{	  goutsias.00.fi,
  author	= {John Goutsias and Henk J. A. M. Heijmans},
  title		= {Fundamenta morphologicae mathematicae},
  journal	= {Fundamenta Informaticae},
  volume	= 41,
  number	= {1-2},
  year		= 2000,
  issn		= {0169-2968},
  pages		= {1--31},
  publisher	= {IOS Press},
  address	= {Amsterdam, The Netherlands},
  lrdedoc	= {sip/image/morpho/theory/goutsias.00.fi.pdf}
}

@Misc{		  graphicsmagick.www,
  author	= {GraphicsMagick Group},
  title		= {{GraphicsMagick} Image Processing System},
  howpublished	= {\url{http://www.graphicsmagick.org/}}
}

@TechReport{	  guenter.10.tr,
  author	= {Brian Guenter and Diego Nehab},
  title		= {{Neon}: A Domain-Specific Programming Language for Image
		  Processing},
  institution	= {Microsoft Research},
  year		= 2010,
  type		= {Microsoft TechReport},
  number	= {MSR-TR-2010-175},
  howpublished	= {\url{http://research.microsoft.com/pubs/144767/neonImageProcessingLanguage.pdf}}
		  
}

@InProceedings{	  hamey.07.dicta,
  author	= {Leonard G. C. Hamey},
  title		= {Efficient Image Processing with the {Apply} Language},
  booktitle	= {Proceedings of the International Conference on Digital
		  Image Computing: Techniques and Applications (DICTA)},
  year		= 2007,
  location	= {Adelaide, Australia},
  pages		= {533--540}
}

@InCollection{	  heijmans.92.chapter,
  author	= {Henk Heijmans and Luc Vincent},
  title		= {Graph Morphology in Image Analysis},
  booktitle	= {Mathematical Morphology in Image Processing},
  editor	= {Edward R. Dougherty},
  publisher	= {Marcel Dekker},
  year		= 1992,
  month		= sep,
  pages		= {171--203},
  isbn		= 9780824787240
}

@InProceedings{	  heinzl.06.lcsd,
  author	= {Rene Heinzl and Michael Spevak and Philipp Schwaha and
		  Siegfried Selberherr},
  title		= {A Generic Topology Library},
  booktitle	= {Proceedings of the Second International Workshop on
		  Library-Centric Software Design (LCSD)},
  pages		= {85--93},
  year		= 2006,
  editor	= {Andreas Priesnitz and Sibylle Schupp},
  address	= {Portland, Oregon, USA},
  month		= oct,
  publisher	= {Chalmers University Of Technology/G\"oteborg University},
  note		= {Technical Report No. 06-18}
}

@Book{		  ibanez.05.book,
  author	= {Luis Ib\'a{\~n}ez and Will Schroeder and Lydia Ng and Josh
		  Cates and the Insight Software Consortium},
  title		= {The {ITK} Software Guide},
  publisher	= {Kitware, Inc.},
  year		= 2005,
  edition	= {second},
  month		= nov,
  day		= 21
}

@Misc{		  imagej.www,
  title		= {{ImageJ}},
  howpublished	= {\url{http://rsbweb.nih.gov/ij/}}
}

@Misc{		  imagene.www,
  author	= {Jacques-Olivier Lachaud et al.},
  title		= {{ImaGene}, Generic Digital Image Library},
  howpublished	= {\url{http://gforge.liris.cnrs.fr/projects/imagene}}
}

@Misc{		  imlab.www,
  author	= {Antonio Scuri},
  title		= {{ImLab} 2.3 -- A Free Experimental System for Image
		  Processing},
  howpublished	= {\url{http://imlab.sourceforge.net/}}
}

@Misc{		  imlib3d.05.www,
  author	= {Marcel Bosc and Torbj{\o}rn Vik},
  title		= {{ImLib3D}},
  howpublished	= {\url{http://imlib3d.sourceforge.net/}},
  year		= 2005
}

@Misc{		  imview.www,
  author	= {Hugues Talbot},
  title		= {{Imview}},
  howpublished	= {\url{http://hugues.zahlt.info/software_imview.html}}
}

@Misc{		  itk.www,
  author	= {{National Library of Medicine}},
  title		= {Insight Segmentation and Registration Toolkit ({ITK})},
  howpublished	= {\url{http://www.itk.org/}}
}

@InProceedings{	  jones.97.nsip,
  author	= {Ronald Jones},
  title		= {Component Trees for Image Filtering and Segmentation},
  booktitle	= nsip,
  year		= 1997,
  editor	= {E. Coyle},
  address	= {Mackinac Island},
  month		= sep,
  lrdedoc	= {sip/image/morpho/connected_filters/jones.97.nsip.ps}
}

@TechReport{	  kapoor.00.tr,
  author	= {Vikas Kapoor and Dietmar K\"uhl and Alexander Wolff},
  title		= {A generic design concept for geometric algorithms},
  institution	= {Institut f\"ur Informatik, Freie Universit\"at Berlin},
  year		= 2000,
  key		= {B 00-10},
  month		= jun,
  howpublished	= {http://www.inf.fu-berlin.de/inst/pubs/tr-b-00-10.abstract.html}
		  ,
  lrdedoc	= {sip/image/programming/kapoor.00.tr.ps}
}

@InProceedings{	  kettner.98.scg,
  author	= {Lutz Kettner},
  title		= {Designing a data structure for polyhedral surfaces},
  booktitle	= {Proceedings of the Fourteenth Annual Symposium on
		  Computational Geometry (SCG)},
  year		= 1998,
  isbn		= {0-89791-973-4},
  pages		= {146--154},
  location	= {Minneapolis, Minnesota, United States},
  doi		= {http://doi.acm.org/10.1145/276884.276901},
  publisher	= {ACM},
  address	= {New York, NY, USA},
  lrdedoc	= {sip/image/complex/kettner.98.scg.pdf}
}

@Article{	  koethe.00.cppr,
  author	= {Ullrich K\"othe},
  title		= {{STL}-Style Generic Programming with Images},
  journal	= {{\Cxx} Report Magazine},
  year		= 2000,
  volume	= 12,
  number	= 1,
  pages		= {24--30},
  month		= jan,
  lrdedoc	= {sip/image/programming/koethe.00.cppr.ps.gz}
}

@InCollection{	  koethe.01.dig,
  author	= {Ullrich K\"othe},
  title		= {Generic Programming Techniques that Make Planar Cell
		  Complexes Easy to Use},
  booktitle	= {Digital and Image Geometry},
  pages		= {17--37},
  publisher	= {Springer-Verlag},
  year		= 2001,
  editor	= {Gilles Bertrand and Atsushi Imiya and Reinhard Klette},
  volume	= 2243,
  series	= {Lecture Notes in Computer Science},
  chapter	= 2,
  address	= {Berlin, Germany},
  lrdedoc	= {sip/image/complex/koethe.01.dig.pdf}
}

@InCollection{	  koethe.98.hcva,
  author	= {Ullrich K\"othe},
  title		= {Reusable Software in Computer Vision},
  booktitle	= {Handbook of Computer Vision and Applications},
  pages		= {103--132},
  publisher	= {Academic Press},
  year		= 1999,
  editor	= {Bernd J\"ahne and Horst Haussecker and Peter Gei\ss{}ler},
  volume	= {3: Systems and Applications},
  address	= {San Diego, CA, USA},
  lrdedoc	= {sip/image/programming/koethe.98.hcva.pdf}
}

@Article{	  kong.89.cvgip,
  author	= {T. Yuong Kong and Azriel Rosenfeld},
  title		= {Digital Topology: Introduction and Survey},
  journal	= {Computer Vision, Graphics, and Image Processing},
  volume	= 48,
  number	= 3,
  year		= 1989,
  issn		= {0734-189X},
  pages		= {357--393},
  doi		= {http://dx.doi.org/10.1016/0734-189X(89)90147-3},
  publisher	= {Academic Press Professional, Inc.},
  address	= {San Diego, CA, USA}
}

@Article{	  lam.92.pami,
  author	= {Louisa Lam and Seong-Whan Lee and Ching Y. Suen},
  title		= {Thinning Methodologies---A Comprehensive Survey},
  journal	= {IEEE Transactions on Pattern Analasis and Machine
		  Intelligence},
  volume	= 14,
  number	= 9,
  year		= 1992,
  issn		= {0162-8828},
  pages		= {869--885},
  doi		= {http://dx.doi.org/10.1109/34.161346},
  publisher	= {IEEE Computer Society},
  address	= {Washington, DC, USA},
  lrdedoc	= {sip/image/skeleton/lam.92.pami.pdf}
}

@Article{	  lamy.07.cmpb,
  author	= {Julien Lamy},
  title		= {Integrating digital topology in image-processing
		  libraries},
  journal	= {Computer Methods and Programs in Biomedicine},
  volume	= 85,
  number	= 1,
  year		= 2007,
  issn		= {0169-2607},
  pages		= {51--58},
  doi		= {http://dx.doi.org/10.1016/j.cmpb.2006.08.006},
  publisher	= {Elsevier North-Holland, Inc.},
  address	= {New York, NY, USA},
  lrdedoc	= {sip/image/topo/lamy.07.cmpb.pdf}
}

@Misc{		  leptonica.www,
  author	= {Dan Bloomberg},
  title		= {{Leptonica}},
  howpublished	= {\url{http://www.leptonica.com/}}
}

@Article{	  lobregt.80.pami,
  title		= {Three-Dimensional Skeletonization: Principle and
		  Algorithm},
  author	= {Lobregt, S. and Verbeek, P. W. and Groen, F. C. A.},
  journal	= {IEEE Transactions on Pattern Analysis and Machine
		  Intelligence},
  year		= 1980,
  month		= jan,
  volume	= {PAMI-2},
  number	= 1,
  pages		= {75--77},
  doi		= {10.1109/TPAMI.1980.4766974},
  issn		= {0162-8828},
  lrdedoc	= {sip/image/skeleton/lobregt.80.pami.pdf}
}

@Article{	  lomenie.08.prl,
  author	= {Nicolas Lom\'enie and Georges Stamon},
  title		= {Morphological mesh filtering and {$\alpha$}-objects},
  journal	= {Pattern Recognition Letters},
  volume	= 29,
  number	= 10,
  year		= 2008,
  issn		= {0167-8655},
  pages		= {1571--1579},
  doi		= {http://dx.doi.org/10.1016/j.patrec.2008.03.019},
  publisher	= {Elsevier Science Inc.},
  address	= {New York, NY, USA},
  lrdedoc	= {sip/image/morpho/lomenie.08.prl.pdf}
}

@Misc{		  mamba.www,
  author	= {Nicolas Beucher and {Centre de Morphologie
		  Math\'ematique}},
  title		= {Mamba},
  howpublished	= {\url{http://www.mamba-image.org/}}
}

@Misc{		  mathematica.www,
  author	= {Wolfram},
  title		= {{Mathematica}},
  howpublished	= {\url{http://www.wolfram.com/mathematica/}}
}

@Misc{		  matlab.www,
  author	= {MathWorks},
  title		= {{MATLAB\textregistered}},
  howpublished	= {\url{http://www.mathworks.com/products/matlab/}}
}

@Article{	  meijster.02.pami,
  author	= {Arnold Meijster and Michael H. F. Wilkinson},
  title		= {A Comparison of Algorithms for Connected Set Openings and
		  Closings},
  journal	= ieee_j_pami,
  volume	= {24},
  number	= {4},
  year		= 2002,
  pages		= {484--494},
  ee		= {http://computer.org/tpami/tp2002/i0484abs.htm},
  bibsource	= {DBLP, http://dblp.uni-trier.de},
  lrdedoc	= {sip/image/morpho/connected_filters/meijster.02.pami.pdf}
}

@PhDThesis{	  meijster.04.phd,
  author	= {Arnold Meijster},
  title		= {Efficient Sequential and Parallel Algorithms for
		  Morphological Image Processing},
  school	= {University of Groningen, The Netherlands},
  year		= 2004,
  month		= mar,
  lrdedoc	= {sip/image/morpho/connected_filters/meijster.04.phd.pdf}
}

@InProceedings{	  meyer.07.ismm,
  author	= {Fernand Meyer and Jes\'us Angulo},
  title		= {Micro-viscous morphological operators},
  booktitle	= {Proceedings of the Eighth International Symposium on
		  Mathematical Morphology (ISMM)},
  pages		= {165--176},
  year		= 2007,
  month		= oct
}

@InProceedings{	  meyer.91.afcet,
  author	= {Fernand Meyer},
  title		= {Un algorithme optimal de ligne de partage des eaux},
  booktitle	= {Actes du 8e Congr\`es AFCET},
  address	= {Lyon-Villeurbanne, France},
  pages		= {847--857},
  year		= 1991,
  publisher	= {AFCET}
}

@Misc{		  micromorph.www,
  author	= {{Centre de Morphologie Math\'ematique}},
  title		= {{MICROMORPH}},
  howpublished	= {\url{http://cmm.ensmp.fr/Micromorph/mmorph.html}}
}

@Misc{		  morph-m.www,
  author	= {Centre for Mathematical Morphology},
  title		= {{Morph-M}: Image processing Software specialized in
		  mathematical morphology},
  howpublished	= {\url{http://cmm.ensmp.fr/Morph-M/}}
}

@Article{	  najman.06.itip,
  author	= {Laurent Najman and Michel Couprie},
  title		= {Building the Component Tree in Quasi-Linear Time},
  journal	= ieee_j_ip,
  year		= 2006,
  month		= nov,
  volume	= {15},
  number	= {11},
  pages		= {3531--3539},
  lrdedoc	= {sip/image/morpho/connected_filters/najman.06.itip.pdf}
}

@Misc{		  numpy.11.ref,
  title		= {{Numpy} 1.6 Reference Guide},
  howpublished	= {\url{http://docs.scipy.org/doc/numpy-1.6.0/reference/}},
  month		= may,
  year		= 2011
}

@Misc{		  octave.www,
  author	= {John W. Eaton et al.},
  title		= {{GNU} {Octave}},
  howpublished	= {\url{http://www.gnu.org/software/octave/}}
}

@Misc{		  pil.www,
  title		= {{Python} Imaging Library ({PIL})},
  howpublished	= {\url{http://www.pythonware.com/products/pil/}}
}

@Misc{		  pink.www,
  author	= {{ESIEE Engineering}},
  title		= {{Pink} Image Processing Library},
  howpublished	= {\url{http://pinkhq.com/}}
}

@Article{	  poincarre.99.rcmp,
  author	= {Henri Poincar\'e},
  title		= {Compl\'ement \`a l'analysis situs},
  journal	= {Rendiconti del Circolo Matematico di Palermo},
  year		= 1899,
  volume	= 13,
  pages		= {285--343}
}

@Misc{		  qgar.www,
  author	= {LORIA},
  title		= {Qgar\textregistered},
  howpublished	= {\url{http://www.qgar.org/}}
}

@Article{	  ritter.90.cvgip,
  author	= {Gerhard X. Ritter and Joseph N. Wilson and Jennifer L.
		  Davidson},
  title		= {Image algebra: an overview},
  journal	= {Computer Vision, Graphics, and Image Processing},
  volume	= 49,
  number	= 3,
  year		= 1990,
  issn		= {0734-189X},
  pages		= {297--331},
  doi		= {http://dx.doi.org/10.1016/0734-189X(90)90106-6},
  publisher	= {Academic Press Professional, Inc.},
  address	= {San Diego, CA, USA}
}

@Article{	  ronse.88.dam,
  author	= {Christian Ronse},
  title		= {Minimal test patterns for connectivity preservation in
		  parallel thinning algorithms for binary digital images},
  journal	= {Discrete Applied Mathematics},
  year		= 1988,
  volume	= 21,
  number	= 1,
  pages		= {67--79}
}

@Article{	  rozenfeld.66.jacm,
  author	= {Azriel Rosenfeld and John L. Pfaltz},
  title		= {Sequential Operations in Digital Picture Processing},
  journal	= {Journal of the Association for Computing Machinery},
  volume	= 13,
  number	= 4,
  year		= 1966,
  issn		= {0004-5411},
  pages		= {471--494},
  doi		= {http://doi.acm.org/10.1145/321356.321357},
  publisher	= {ACM},
  address	= {New York, NY, USA}
}

@InProceedings{	  rusinkiewicz.04.3dpvt,
  author	= {Szymon Rusinkiewicz},
  title		= {Estimating Curvatures and Their Derivatives on Triangle
		  Meshes},
  booktitle	= {Proceedings of the 2nd International Symposium on 3D Data
		  Processing, Visualization, and Transmission},
  year		= 2004,
  isbn		= {0-7695-2223-8},
  pages		= {486--493},
  publisher	= {IEEE Computer Society},
  doi		= {10.1109/3DPVT.2004.54}
}

@Misc{		  sage.www,
  title		= {Sage},
  howpublished	= {\url{http://www.sagemath.org/}}
}

@Article{	  salembier.98.itip,
  author	= {Philippe Salembier and Albert Oliveras and Luis Garrido},
  title		= {Antiextensive connected operators for image and sequence
		  processing},
  journal	= ieee_j_ip,
  year		= 1998,
  volume	= {7},
  number	= {4},
  pages		= {555--570},
  lrdedoc	= {sip/image/morpho/connected_filters/salembier.98.itip.pdf}
}

@Misc{		  scilab.www,
  title		= {{Scilab} -- Free Open Source Software for Numerical
		  Computation},
  howpublished	= {\url{http://www.scilab.org/}}
}

@Misc{		  scipy.11.ref,
  title		= {{Scipy} 0.10.0 Reference Guide},
  howpublished	= {\url{http://docs.scipy.org/doc/scipy-0.10.0/reference/}},
  month		= dec,
  year		= 2011
}

@InProceedings{	  spevak.06.lcsd,
  author	= {Michael Spevak and Rene Heinzl and Philipp Schwaha and
		  Tibor Grasser and Siegfried Selberherr},
  title		= {A Generic Discretization Library},
  booktitle	= {Proceedings of the Second International Workshop on
		  Library-Centric Software Design (LCSD)},
  pages		= {95--100},
  year		= 2006,
  editor	= {Andreas Priesnitz and Sibylle Schupp},
  address	= {Portland, Oregon, USA},
  month		= oct,
  publisher	= {Chalmers University Of Technology/G\"oteborg University},
  note		= {Technical Report No. 06-18}
}

@PhDThesis{	  stawiaski.08.phd,
  author	= {Jean Stawiaski},
  title		= {Mathematical Morphology and Graphs : Application to
		  Interactive Medical Image Segmentation},
  school	= {Centre de Morphologie Math\'ematique (CMM), \'Ecole
		  Nationale Sup\'erieure des Mines de Paris (ENSMP)},
  year		= 2008,
  address	= {Paris, France},
  month		= oct,
  lrdedoc	= {sip/image/phd_reports/stawiaski.2008.phd.pdf}
}

@Book{		  still.05.book,
  author	= {Michael Still},
  title		= {The Definitive Guide to {ImageMagick}},
  publisher	= {Apress},
  year		= 2005,
  series	= {Definitive Guides},
  month		= dec,
  isbn		= {1590595904}
}

@InProceedings{	  ta.08.eccv,
  author	= {Vinh-Thong Ta and Abderrahim Elmoataz and Olivier
		  L\'ezoray},
  title		= {Partial Difference Equations over Graphs: Morphological
		  Processing of Arbitrary Discrete Data},
  booktitle	= {Proceedings of the 10th European Conference on Computer
		  Vision (ECCV): Part III},
  year		= 2008,
  isbn		= {978-3-540-88689-1},
  location	= {Marseille, France},
  pages		= {668--680},
  numpages	= 13,
  doi		= {http://dx.doi.org/10.1007/978-3-540-88690-7_50},
  acmid		= 1478225,
  publisher	= {Springer},
  address	= {Berlin, Heidelberg}
}

@Article{	  tarjan.75.jacm,
  author	= {Robert Endre Tarjan},
  title		= {Efficiency of a Good But Not Linear Set Union Algorithm},
  journal	= jacm,
  year		= 1975,
  volume	= {22},
  number	= {2},
  pages		= {215--225}
}

@Article{	  van-droogenbroeck.96.prl,
  author	= {Marc van Droogenbroeck and Hugues Talbot},
  title		= {Fast computation of morphological operations with
		  arbitrary structuring elements},
  journal	= {Pattern Recognition Letters},
  volume	= 17,
  number	= 14,
  year		= 1996,
  issn		= {0167-8655},
  pages		= {1451--1460},
  doi		= {http://dx.doi.org/10.1016/S0167-8655(96)00113-4},
  publisher	= {Elsevier Science Inc.},
  address	= {New York, NY, USA}
}

@Article{	  van-herk.92.prl,
  author	= {Marcel van Herk},
  title		= {A fast algorithm for local minimum and maximum filters on
		  rectangular and octagonal kernels},
  journal	= {Pattern Recognition Letters},
  volume	= 13,
  number	= 7,
  year		= 1992,
  issn		= {0167-8655},
  pages		= {517--521},
  doi		= {http://dx.doi.org/10.1016/0167-8655(92)90069-C},
  publisher	= {Elsevier Science Inc.},
  address	= {New York, NY, USA}
}

@Misc{		  vigra.www,
  author	= {Ullrich K\"othe et al.},
  title		= {{VIGRA} -- Vision with Generic Algorithms},
  howpublished	= {\url{http://hci.iwr.uni-heidelberg.de/vigra/}}
}

@Article{	  vincent.89.sp,
  author	= {Luc Vincent},
  title		= {Graphs and Mathematical Morphology},
  journal	= {Signal Processing},
  year		= 1989,
  volume	= 16,
  number	= 4,
  pages		= {365--388},
  month		= apr,
  lrdedoc	= {sip/image/morpho/temp/vincent.89.sp.pdf}
}

@Article{	  vincent.91.pami,
  author	= {Luc Vincent and Pierre Soille},
  title		= {Watersheds in Digital Spaces: An Efficient Algorithm Based
		  on Immersion Simulations},
  journal	= {IEEE Transactions on Pattern Analysis and Machine
		  Intelligence},
  volume	= 13,
  number	= 6,
  year		= 1991,
  issn		= {0162-8828},
  pages		= {583--598},
  doi		= {http://dx.doi.org/10.1109/34.87344},
  publisher	= {IEEE Computer Society},
  address	= {Washington, DC, USA},
  lrdedoc	= {sip/image/morpho/temp/vincent.91.pami.pdf}
}

@Article{	  vincent.91.sp,
  author	= {Luc Vincent},
  title		= {Morphological Transformations of Binary Images with
		  Arbitrary Structuring Elements},
  journal	= {Signal Processing},
  year		= 1991,
  volume	= 22,
  number	= 1,
  pages		= {3--23},
  month		= jan,
  lrdedoc	= {sip/image/morpho/temp/vincent.91.sp.pdf}
}

@InCollection{	  vincent.92.chapter,
  author	= {Luc Vincent},
  title		= {Morphological Algorithms},
  booktitle	= {Mathematical Morphology in Image Processing},
  editor	= {Edward R. Dougherty},
  publisher	= {Marcel Dekker},
  year		= 1992,
  month		= sep,
  pages		= {255--288},
  isbn		= 9780824787240,
  lrdedoc	= {sip/image/morpho/vincent.92.chapter.pdf}
}

@InProceedings{	  vincent.93.ismm,
  author	= {Luc Vincent},
  title		= {Grayscale Area Openings and Closings: their Applications
		  and Efficient Implementation},
  booktitle	= ismm,
  pages		= {22--27},
  year		= 1993
}

@Misc{		  vsipl++.11.spec,
  author	= {Mentor Graphics},
  title		= {{VSIPL++} Specification 1.1},
  howpublished	= {\url{http://s3.mentor.com/embedded/vsipl-specification.pdf}}
		  ,
  month		= oct,
  year		= 2011
}

@InProceedings{	  whitehead.39.lms,
  author	= {J.H.C. Whitehead},
  title		= {Simplicial spaces, nuclei and $m$-groups},
  booktitle	= {Proceedings of the London Mathematical Society},
  pages		= {243--327},
  year		= {1939},
  volume	= {s2-45},
  number	= {1}
}

@InProceedings{	  wilson.92.ipi,
  author	= {Joseph N. Wilson},
  title		= {Use of image algebra for portable image processing
		  algorithm specification},
  booktitle	= {Image Processing and Interchange: Implementation and
		  Systems},
  pages		= {180--191},
  year		= 1992,
  editor	= {Ronald B. Arps and William K. Pratt},
  volume	= 1659,
  series	= {Proceedings of SPIE},
  lrdedoc	= {sip/image/programming/wilson.92.ipi.pdf}
}

@Book{		  wolfram.03.book,
  author	= {Stephen Wolfram},
  title		= {The {Mathematica}\textregistered Book},
  publisher	= {Wolfram Media},
  year		= 2003,
  edition	= {Fifth},
  isbn		= {1-57955-022-3}
}

@Misc{		  xip.www,
  title		= {{eXtensible Imaging Platform\texttrademark}
		  ({XIP\texttrademark})},
  howpublished	= {\url{http://www.openxip.org/}}
}

@Misc{		  yayi.www,
  author	= {Raffi Enficiaud},
  title		= {Yayi},
  howpublished	= {\url{http://raffi.enficiaud.free.fr/}}
}

@Book{		  yoo.04.book,
  editor	= {Terry S. Yoo},
  title		= {Insight into Images: Principles and Practice for
		  Segmentation, Registration, and Image Analysis},
  year		= 2004,
  isbn		= 1568812175,
  publisher	= {AK Peters Ltd}
}


%%% Local Variables:
%%% ispell-local-dictionary: "american"
%%% End:
