@article{CRIM,
author = {Patric Kenny, Pierre Ouellet and Mohammed Senoussaoui},
title = {The {CRIM} System for the {2010 NIST} {Speaker Recognition Evaluation}},
month = {apr},
institution = {CRIM},   
year = {2010}
}

@article{THRESHOLD,
author = {H. Moattar and M. Homayounpour},
title = {{A} Simple but efficient real-time voice activity detection algorithm},
month = {august},
institution = {LISSP},
year = {2009}
}

@article{HOS,
author = {Michael Yaw Appiah, Raimonda Makrickaite, Milda Gusaite and Sasikanth Munagala},
title = {{Robust Voice Activity Detection} and {Noise Reduction Mechanism} using {Higher-Order statistics}},
month = {February-June},
institution = {Aalgorg University},
year = {2005}
}

@article{MIT,
author = {Douglas A. Reynolds, Thomas F. Quatieri and Robert B. Dunn},
title = {Speaker Verification using Adapted Gaussian Mixture Models},
institution = {M.I.T. Lincoln Laboratory},
year = {2000}
}

@article{EM,
author = {A.P. Dempster, N.M. Laird and D.B. Rubin},
title = {Maximum-likelihood from incomplete data via the em algorithm},
year = {1977}
}

@article{LBG,
author = {Linde Y., Buzo, A. and Gray R.M.},
title = {An Algorithm for Vector Quantizer Design},
year = {1980}
}

@article{DET,
author = {A. Martin, G. Doddington, T. Kamm and M. Przybocki},
title = {The Det curve in assessment of detection task performance},
year = {1999}
}

@article{DIAFACT,
author = {Patrick Kenny, Douglas Reynolds and Fabio Castaldo},
title = {Diarization of Telephone Conversations using Factor Analysis},
year = {2008}
}

@article{BAUM,
author = {Patrick Kenny, Najim Dehak, Vishwa Gupta and Pierre Ouellet},
title = {A new training regimen for factor analysis of speaker variability},
year = {2008}
}
