% Parallel programming.

@Misc{		  opencl.11.spec,
  author	= {Khronos OpenCL Working Group},
  title		= {The {OpenCL} Specification, version 1.2},
  howpublished	= {\url{http://www.khronos.org/registry/cl/specs/opencl-1.2.pdf}}
		  ,
  month		= nov,
  year		= 2011
}

@Book{		  reinders.07.book,
  author	= {James Reinders},
  title		= {{Intel} {Threading Building Blocks}: Outfitting {C++} for
		  Multi-Core Processor Parallelism},
  publisher	= {O'Reilly Media},
  year		= 2007,
  edition	= {First},
  month		= jul,
  isbn		= {0596514808}
}

@Misc{		  tbb.11.ref,
  author	= {Intel},
  title		= {{Intel} {Threading Building Blocks} Reference Manual},
  howpublished	= {\url{http://threadingbuildingblocks.org/uploads/81/91/Latest
		  Open Source Documentation/Reference.pdf}},
  month		= nov,
  year		= 2011
}
